<?xml version="1.0" encoding="UTF-8"?><collection><record><leader>08164ntm a2200589 a 4500</leader><controlfield tag="001">005977493</controlfield><controlfield tag="003">MiAaHDL</controlfield><controlfield tag="005">20190719000000.0</controlfield><controlfield tag="006">m        d        </controlfield><controlfield tag="007">cr bn ---auaua</controlfield><controlfield tag="008">090331s1690    tu            00| ||ara d</controlfield><datafield tag="035" ind1=" " ind2=" "><subfield code="a">(MiU)005977493</subfield></datafield><datafield tag="035" ind1=" " ind2=" "><subfield code="a">sdr-miu005977493</subfield></datafield><datafield tag="040" ind1=" " ind2=" "><subfield code="a">MiU</subfield><subfield code="c">MiU</subfield><subfield code="e">amremm</subfield></datafield><datafield tag="043" ind1=" " ind2=" "><subfield code="a">n-us-mi</subfield></datafield><datafield tag="100" ind1="1" ind2=" "><subfield code="6">880-01</subfield><subfield code="a">Ṣadr al-Shahīd, ʻUmar ibn ʻAbd al-ʻAzīz,</subfield><subfield code="d">1090 or 1091-1141.</subfield></datafield><datafield tag="240" ind1="1" ind2="0"><subfield code="6">880-02</subfield><subfield code="a">Jāmiʻ al-ṣaghīr</subfield></datafield><datafield tag="245" ind1="1" ind2="0"><subfield code="6">880-03</subfield><subfield code="a">Kitāb Jāmiʻ al-ṣaghīr,</subfield><subfield code="f">[1101, i.e. 1690].</subfield></datafield><datafield tag="246" ind1="3" ind2=" "><subfield code="i">Edge title (head):</subfield><subfield code="a">جامع الصغير</subfield></datafield><datafield tag="246" ind1="3" ind2=" "><subfield code="i">Edge title (tail):</subfield><subfield code="a">هذا كتاب جامع الصغير</subfield></datafield><datafield tag="260" ind1=" " ind2=" "><subfield code="a">[Erzurum,</subfield><subfield code="c">1690]</subfield></datafield><datafield tag="300" ind1=" " ind2=" "><subfield code="a">306 leaves :</subfield><subfield code="b">paper ;</subfield><subfield code="c">216 x 160 (130-150 x 60-90) mm. bound to 216 x 165 mm.</subfield></datafield><datafield tag="500" ind1=" " ind2=" "><subfield code="a">Shelfmark: Ann Arbor, University of Michigan, Special Collections Library, Isl. Ms. 18</subfield></datafield><datafield tag="500" ind1=" " ind2=" "><subfield code="a">Origin: As appears in colophon on p.641, the bulk of the text copied by Muṣṭafá ibn Muḥammad who also endowed the manuscript for his sons (see waqf statement on insert p.14). Transcription completed ("tammat al-kitāb...") in Erzurum, the Aḥmadīyah madrasah, in Shaʻbān 1101 [May or June 1690].</subfield></datafield><datafield tag="500" ind1=" " ind2=" "><subfield code="a">Accompanying materials: Several inserts carrying glosses, etc. most of them tipped in (paginated pp.13-14 [carries waqf statement], pp.19-20, pp.21-22, pp.25-26, pp.35-36, pp.39-40, etc.).</subfield></datafield><datafield tag="500" ind1=" " ind2=" "><subfield code="a">Former shelfmark: British Museum, London "No. 136. Commentary on al-Jami al-saghir."</subfield></datafield><datafield tag="500" ind1=" " ind2=" "><subfield code="a">Binding: Pasteboards covered in red leather (goat?) ; Type II binding (with flap) ; board linings (and interior of flap) in yellow paper ; upper and lower covers bear blind-stamped scalloped mandorla and pendants with blind-tooled accents ; design continues on envelope flap, mandorla/rosette with vegetal design (compare Déroche OSd 8) ; sewn in dark blue thread, two stations ; fine chevron endbands in red and white ; in poor condition with much abrasion, staining, lifting of leather, delamination of boards, slight spine slant (cocked), etc.</subfield></datafield><datafield tag="500" ind1=" " ind2=" "><subfield code="a">Support: European laid paper of at least two types ; opening section on a thick, worn paper with roughly 8 laid lines per cm. (vertical) and chain lines (horizontal) evenly spaced, though difficult to measure ; majority of text on thinner, well-burnished paper with roughly 12 laid lines per cm. (vertical) and chain lines spaced 24-28 mm. apart ; burnishers' marks visible ; quite smooth ; watermarks include crown with band of initials and grapes as well as tre lune.</subfield></datafield><datafield tag="500" ind1=" " ind2=" "><subfield code="a">Decoration: Text rubricated with keywords ("حدثنا", "باب", etc.), section headings, overlining, etc. in red.</subfield></datafield><datafield tag="500" ind1=" " ind2=" "><subfield code="a">Script: Two distinct hands ; first hand a naskh-nastaʻlīq, virtually serifless with effect of descent to baseline ; second hand a bold Turkish hand with mainly closed counters, compact and adhering to baseline, though occasional superscripting of words, and pointing in line or inverted caret rather than two distinct dots.</subfield></datafield><datafield tag="500" ind1=" " ind2=" "><subfield code="a">Layout: Written in 10-13 lines per page (opening section in 10-11 ; remainder in 13) ; frame-ruled (impression of ruling board evident).</subfield></datafield><datafield tag="500" ind1=" " ind2=" "><subfield code="a">Collation: III (6), 30 V (306) ; chiefly quinions ; ternion inserted before the opening of the text proper (likely by copyist who supplied the bulk of the ms.) carries table of contents with a few leaves left blank ; last word (overlined) of final line on each verso repeated at beginning of top line on recto of following leaf ; foliation in Hindu-Arabic numerals begins with ۱ on first folio of text proper (skips leaf between ۱۲ and ۱۳ and elsewhere) ; pagination in pencil, Western numerals, supplied during digitization (includes inserts, added leaves at opening carrying table of contents, skips from 409 to 420, from 525 to 530 and from 575 to 580).</subfield></datafield><datafield tag="500" ind1=" " ind2=" "><subfield code="a">Colophon: "Scribal," triangular, reads: "تمت الكتاب بعون الله الملك الوهاب على اضعف الطلاب حقير الفقير المحتاج الى رحمة الله تعالى مصطفى بن محمد عفي عنهما وغفر الله له ولوالديه واحسن اليهما واليه في بلدة ارضروم في مدرسة احمدية في شهر شعبان المبارك في يوم الاحد في وقت الظهر سنة احدى ومائة بعد الف من هجرة النبي عليه السلام الحمد لله تم الكلام تم تم"</subfield></datafield><datafield tag="500" ind1=" " ind2=" "><subfield code="a">Explicit: "ولان المقصود اذا حصل بالبعض لم يبق فرضا لعدمه حتى يحتاج اليهم وذلك ان يعم النفير لان المقصود ههنا لا يحصل ببعضهم فيصير من فرض [كذا] الاعيان الحمد لله على التمام وللرسول بحق محمد واله افضل السلام باحسن الكلام"</subfield></datafield><datafield tag="500" ind1=" " ind2=" "><subfield code="a">Incipit: "الحمد لله رب العالمين والصلوة والسلام على رسوله محمد واله وصحبه الطيبين الطاهرين اجمعين قال الشيخ الامام الاجل حسام الدين عمر بن عبد العزيز البخاري رحمة الله عليه اما بعد فان مشايخنا كانوا يعظمون هذا الكتاب تعظيما ويقدمونه على سائر الكتب تقديما ..."</subfield></datafield><datafield tag="500" ind1=" " ind2=" "><subfield code="a">Title from inscription on p.15.</subfield></datafield><datafield tag="500" ind1=" " ind2=" "><subfield code="a">Ms. codex.</subfield></datafield><datafield tag="520" ind1=" " ind2=" "><subfield code="a">Fine copy of the reworking and elucidation of al-Shaybānī's al-Jāmiʻ al-ṣaghīr, a work on Ḥanafī fiqh.</subfield></datafield><datafield tag="538" ind1=" " ind2=" "><subfield code="a">Mode of access: Internet.</subfield></datafield><datafield tag="541" ind1=" " ind2=" "><subfield code="c">Purchase ;</subfield><subfield code="a">Acquired by purchase along with Abdul Hamid Collection (funds donated by Horace Rackham).</subfield><subfield code="d">1924.</subfield></datafield><datafield tag="546" ind1=" " ind2=" "><subfield code="a">Arabic.</subfield></datafield><datafield tag="561" ind1=" " ind2=" "><subfield code="a">Bookplate of British Museum, London on inner front cover,"British Museum, London. No. 136. Commentary on al-Jami al-saghir." ; circular seal impression with figure of goat/gazelle in purple ink as well as inscription "136" in Western numerals on p.1 ; ownership statements (inscriptions in corners of p.3 and p.9 [?]) and waqf statements (lengthy statement on p.14, repeated statement at end and or opening or middle of each quire "وقف اولادي" see p.104, etc., and brief statement on p.641 reads, "وقف خاص الواقف مصطفى بن محمد") in name of copyist Muṣṭafá ibn Muḥammad ; octagonal seal impression on p.9 and again on p.11 accompanied by inscription in black ink (reads "ملكته بالكتابة وانا الحقير مصطفى بن دوستى [؟]" possibly in name of copyist) and inscription in seal impression reads "اغفر الي الخطايا يا واهب العطايا عبده السيد مصطفى" ; on p.15, a detailed waqf statement in the name of al-Sayyid ʻAbd Allāh Adīb (Abdullah Edip), known as Jannatʹzādah (Cennet-zade), qāḍī of Erzurum, accompanied by his seal, reads: "وقفت وقفا صحيحا شرعيا على ان لا يخرج من بيت الكتب الملتصق بداري الا لعلماء سكنوا بارضروم بكفيل مرعى اورهن قوي وانا الفقير اليه عز شانه السيد عبد الله اديب الشهير بجنت زاده القاضي بمدينة ارضروم في سنة اثنى وستين ومائتين والف" ; numerous marginal and interlinear glosses (particularly in opening section) ; some marginal corrections.</subfield></datafield><datafield tag="600" ind1="1" ind2="0"><subfield code="a">Shaybānī, Muḥammad ibn al-Ḥasan,</subfield><subfield code="d">approximately 750-804 or 805.</subfield><subfield code="t">Jāmiʻ al-ṣaghīr fī al-fiqh.</subfield><subfield code="k">Abridgment.</subfield></datafield><datafield tag="650" ind1=" " ind2="0"><subfield code="a">Manuscripts, Arabic</subfield><subfield code="z">Michigan</subfield><subfield code="z">Ann Arbor.</subfield></datafield><datafield tag="650" ind1=" " ind2="0"><subfield code="a">Hanafites</subfield><subfield code="v">Early works to 1800.</subfield></datafield><datafield tag="650" ind1=" " ind2="0"><subfield code="a">Islamic law</subfield><subfield code="v">Early works to 1800.</subfield></datafield><datafield tag="700" ind1="0" ind2=" "><subfield code="6">880-05</subfield><subfield code="a">Muṣṭafá ibn Muḥammad,</subfield><subfield code="d">fl. 1690,</subfield><subfield code="e">scribe.</subfield></datafield><datafield tag="773" ind1="0" ind2=" "><subfield code="a">Tiflis Collection.</subfield></datafield><datafield tag="880" ind1="0" ind2=" "><subfield code="6">700-05/</subfield><subfield code="a">مصطفى بن محمد،</subfield><subfield code="e">ناسخ.</subfield></datafield><datafield tag="880" ind1="1" ind2="0"><subfield code="6">245-03/</subfield><subfield code="a">كتاب جامع الصغير,</subfield><subfield code="f">[1101ه, 1690م].</subfield></datafield><datafield tag="880" ind1="1" ind2="0"><subfield code="6">240-02/</subfield><subfield code="a">جامع الصغير</subfield></datafield><datafield tag="880" ind1="1" ind2=" "><subfield code="6">100-01/</subfield><subfield code="a">صدر الشهيد، عمر بن عبد العزيز.</subfield></datafield><datafield tag="CID" ind1=" " ind2=" "><subfield code="a">005977493</subfield></datafield><datafield tag="DAT" ind1="0" ind2=" "><subfield code="a">20190719102633.0</subfield><subfield code="b">20190719000000.0</subfield></datafield><datafield tag="DAT" ind1="1" ind2=" "><subfield code="a">20190719090653.0</subfield><subfield code="b">2019-07-19T16:11:07Z</subfield></datafield><datafield tag="DAT" ind1="2" ind2=" "><subfield code="a">2015-10-10T18:00:06Z</subfield></datafield><datafield tag="CAT" ind1=" " ind2=" "><subfield code="a">SDR-MIU</subfield><subfield code="d">EX LIBRIS - ALEPH</subfield><subfield code="l">prepare.pl-004-008</subfield></datafield><datafield tag="FMT" ind1=" " ind2=" "><subfield code="a">BK</subfield></datafield><datafield tag="HOL" ind1=" " ind2=" "><subfield code="0">sdr-miu005977493</subfield><subfield code="a">MiU</subfield><subfield code="b">SDR</subfield><subfield code="c">MIU</subfield><subfield code="p">mdp.39015079105295</subfield><subfield code="s">MIU</subfield><subfield code="1">005977493</subfield></datafield><datafield tag="974" ind1=" " ind2=" "><subfield code="b">MIU</subfield><subfield code="c">MIU</subfield><subfield code="d">20190719</subfield><subfield code="s">lit-dlps-dc</subfield><subfield code="u">mdp.39015079105295</subfield><subfield code="y">1690</subfield><subfield code="r">pd</subfield><subfield code="q">bib</subfield><subfield code="t">non-US bib date1 &lt; 1879</subfield></datafield></record></collection>